@INPROCEEDINGS{angelo:10,
	author={D'Angelo, L.T. and Parlow, J. and Spiessl, W. and Hoch, S. and LuÌˆth, T.C.},
	booktitle={Pervasive Computing Technologies for Healthcare (PervasiveHealth), 2010 4th International Conference on-NO PERMISSIONS},
	title={A system for unobtrusive in-car vital parameter acquisition and processing},
	year={2010},
	month={March},
	pages={1-7},
	keywords={driver information systems;radio networks;car-integrated sensors;portable monitoring unit;sensor processing;steering wheel;unobtrusive in-car vital parameter acquisition;wireless communication interface;Biomedical monitoring;Displays;Information systems;Patient monitoring;Senior citizens;Sensor systems;Usability;Wheels;Wireless communication;Wireless sensor networks;acquisition;car integration;display;elderly people;mobile;mobility;processing;vital parameter;vital sign},
	doi={10.4108/ICST.PERVASIVEHEALTH2010.8877},
}


@INPROCEEDINGS{schneider:12,
	author={Schneider, J. and Koellner, C. and Heuer, S.},
	booktitle={Intelligent Vehicles Symposium (IV), 2012 IEEE},
	title={An approach to automotive ECG measurement validation using a car-integrated test framework},
	year={2012},
	month={June},
	pages={950-955},
	keywords={automobiles;biosensors;cognition;control engineering computing;driver information systems;electrocardiography;medical signal processing;physiology;road safety;vehicle dynamics;ECG signal quality;assistance system;automotive ECG measurement validation;automotive application;capacitive ECG measurement system;car-integrated test framework;driver cognitive state;driving dynamics;driving situation;driving test;physiological sensor;physiological signal;realistic driving condition;road safety;road test measurement;vehicle dynamics;Acceleration;Biomedical measurements;Context;Electrocardiography;Electrodes;Sensors;Vehicles},
	doi={10.1109/IVS.2012.6232289},
	ISSN={1931-0587},
}


@INPROCEEDINGS{eilebrecht:12,
	author={Eilebrecht, B. and Wolter, S. and Lem, J. and Lindner, H. and Vogt, R. and Walter, M. and Leonhardt, S.},
	booktitle={Computing in Cardiology (CinC), 2012},
	title={The relevance of HRV parameters for driver workload detection in real world driving},
	year={2012},
	month={Sept},
	pages={409-412},
	keywords={electrocardiography;medical signal processing;neurophysiology;occupational health;ECG recording;HRV parameters;automotive industry;driver status;driver workload detection;electrocardiogram;eye motion recognition;fatigue detection;heart rate variability;mental stress;next generation advanced driver assistance systems;real world driving;safety systems;vital sign detection;Cities and towns;Electrocardiography;Heart rate variability;Reliability;Road transportation;Vehicles},
	ISSN={2325-8861},
}


@article{walter:11,
	year={2011},
	issn={1617-4909},
	journal={Personal and Ubiquitous Computing},
	volume={15},
	number={7},
	doi={10.1007/s00779-010-0350-4},
	title={The smart car seat: personalized monitoring of vital signs in automotive applications},
	url={http://dx.doi.org/10.1007/s00779-010-0350-4},
	publisher={Springer-Verlag},
	keywords={Distributed sensor network; Wireless sensor; Non-contact monitoring; cECG; BCG; MIT; Automotive; Vehicle seat},
	author={Walter, Marian and Eilebrecht, Benjamin and Wartzek, Tobias and Leonhardt, Steffen},
	pages={707-715},
	language={English}
}


@INPROCEEDINGS{yamakoshi:07,
	author={Yamakoshi, T. and Yamakoshi, K. and Tanaka, S. and Nogawa, M. and Shibata, M. and Sawada, Y. and Rolfe, P. and Hirose, Y.},
	booktitle={Engineering in Medicine and Biology Society, 2007. EMBS 2007. 29th Annual International Conference of the IEEE},
	title={A Preliminary Study on Driver's Stress Index Using a New Method Based on Differential Skin Temperature Measurement},
	year={2007},
	month={Aug},
	pages={722-725},
	keywords={biomedical measurement;biothermics;cardiovascular system;haemodynamics;psychology;skin;temperature measurement;beat-by-beat blood pressure;cardiac output;cardiovascular haemodynamics;differential skin temperature measurement;driver physiological status;driver stress index;normalized pulse volume;peripheral resistance;peripheral skin;peripheral sympathetic activation;peripheral vascular tone;physiological variables;radiation thermometer;stress level;traffic accident;truncal skin;Blood pressure;Electrical resistance measurement;Pressure measurement;Pulse measurements;Road accidents;Skin;System testing;Temperature measurement;Thermal stresses;Volume measurement;Accidents, Traffic;Automobile Driving;Blood Pressure;Cardiac Output;Humans;Male;Monitoring, Physiologic;Pulse;Skin Temperature;Stress, Psychological},
	doi={10.1109/IEMBS.2007.4352392},
	ISSN={1557-170X},
}


@INPROCEEDINGS{Zocchi:07,
	author={Zocchi, C. and Rovetta, A. and Fanfulla, F.},
	booktitle={Advanced intelligent mechatronics, 2007 IEEE/ASME international conference on},
	title={Physiological parameters variation during driving simulations},
	year={2007},
	month={Sept},
	pages={1-6},
	keywords={automated highways;automobiles;digital simulation;fuzzy control;intelligent sensors;monitoring;psychology;road accidents;road safety;robots;statistical analysis;steering systems;EEG;PSYCAR project;accident avoidance;automobile transportation safety;biorobotics principles;car control system;driver psychophysical state monitoring;driving simulations;fuzzy controller;galvanic skin resistance;galvanic skin response;heart rate variability;intelligent sensors;intelligent system;microsleeps;multivariate statistics methods;peripheral temperature;physiological parameters variation;sleep attacks;steering wheel;Automobiles;Automotive engineering;Biomedical monitoring;Brain modeling;Condition monitoring;Intelligent transportation systems;Intelligent vehicles;Psychology;Vehicle safety;Wheels},
	doi={10.1109/AIM.2007.4412503},
}

